@article{Wittenrevisited,
    author = "Witten, Edward",
    title = "{Three-Dimensional Gravity Revisited}",
    eprint = "0706.3359",
    archivePrefix = "arXiv",
    primaryClass = "hep-th",
    month = "6",
    year = "2007"
}

@book{Jay,
  author = "JÃ¡come (Jay) Armas",
  year = {2021},
  title = {Conversations on quantum gravity},
  publisher = {Cambridge University Press},
  address = {Universiteit van Amsterdam},
}
@article{Barnich,
    author = "Barnich, Glenn and Gonzalez, Hernan A. and Maloney, Alexander and Oblak, Blagoje",
    title = "{One-loop partition function of three-dimensional flat gravity}",
    eprint = "1502.06185",
    archivePrefix = "arXiv",
    primaryClass = "hep-th",
    doi = "10.1007/JHEP04(2015)178",
    journal = "JHEP",
    volume = "04",
    pages = "178",
    year = "2015"
}

@article{FeynCalc,
    author = "Shtabovenko, Vladyslav and Mertig, Rolf and Orellana, Frederik",
    title = "{FeynCalc 9.3: New features and improvements}",
    eprint = "2001.04407",
    archivePrefix = "arXiv",
    primaryClass = "hep-ph",
    reportNumber = "P3H-20-002, TTP19-020, TUM-EFT 130/19",
    doi = "10.1016/j.cpc.2020.107478",
    journal = "Comput. Phys. Commun.",
    volume = "256",
    pages = "107478",
    year = "2020"
}

@article{Wittensoluble,
    author = "Witten, Edward",
    title = "{(2+1)-Dimensional Gravity as an Exactly Soluble System}",
    reportNumber = "IASSNS-HEP-88-32",
    doi = "10.1016/0550-3213(88)90143-5",
    journal = "Nucl. Phys. B",
    volume = "311",
    pages = "46",
    year = "1988"
}


@article{Leston,
    author = "Leston, Mauricio and Goya, Andr\'es and P\'erez-Nadal, Guillem and Passaglia, Mario and Giribet, Gaston",
    title = "{3D Quantum Gravity Partition Function at Three Loops}",
    eprint = "2307.03830",
    archivePrefix = "arXiv",
    primaryClass = "hep-th",
    doi = "10.1103/PhysRevLett.131.181601",
    journal = "Phys. Rev. Lett.",
    volume = "131",
    number = "18",
    pages = "181601",
    year = "2023"
}



@inproceedings{Carlip,
    author = "Carlip, S.",
    title = "{Quantum Gravity in 2+1 Dimensions}",
    eprint = "2312.12596",
    archivePrefix = "arXiv",
    primaryClass = "gr-qc",
    month = "12",
    year = "2023"
}

@article{MaloneyWitten,
	author = "Maloney, Alexander and Witten, Edward",
	title = "{Quantum Gravity Partition Functions in Three Dimensions}",
	eprint = "0712.0155",
	archivePrefix = "arXiv",
	primaryClass = "hep-th",
	doi = "10.1007/JHEP02(2010)029",
	journal = "JHEP",
	volume = "02",
	pages = "029",
	year = "2010"}

@article{Joel1,
	author = "Acosta, Joel and Garbarz, Alan and Goya, Andr\'es and Leston, Mauricio",
	title = "{Asymptotic Boundary Conditions and Square Integrability in the Partition Function of AdS Gravity}",
	eprint = "2004.01723",
	archivePrefix = "arXiv",
	primaryClass = "hep-th",
	doi = "10.1007/JHEP06(2020)172",
	journal = "JHEP",
	volume = "06",
	pages = "172",
	year = "2020"
}

@article{Joel2,
	author = "Acosta, Joel and Garbarz, Alan and Goya, Andres and Leston, Mauricio",
	title = "{One-loop partition function, gauge accessibility and spectra in AdS$_{3}$ gravity}",
	eprint = "2109.06938",
	archivePrefix = "arXiv",
	primaryClass = "hep-th",
	doi = "10.1007/JHEP12(2021)097",
	journal = "JHEP",
	volume = "12",
	pages = "097",
	year = "2021"
}


@article{Leandro1,
	author = "Blanco, David and Lanosa, Leandro and Leston, Mauricio and P\'erez-Nadal, Guillem",
	title = "{R\'enyi mutual information inequalities from Rindler positivity}",
	eprint = "1909.03144",
	archivePrefix = "arXiv",
	primaryClass = "hep-th",
	doi = "10.1007/JHEP12(2019)078",
	journal = "JHEP",
	volume = "12",
	pages = "078",
	year = "2019"
}
@article{Leandro2,
	author = "Lanosa, Leandro and Leston, Mauricio and Passaglia, Mario",
	title = "{Interplay between reflection positivity and crossing symmetry in the bootstrap approach to CFT}",
	eprint = "2112.00232",
	archivePrefix = "arXiv",
	primaryClass = "hep-th",
	doi = "10.1007/JHEP02(2022)171",
	journal = "JHEP",
	volume = "02",
	pages = "171",
	year = "2022"
}

@article{Feyncalc,
	doi = {10.1016/j.cpc.2020.107478},
	
	url = {https://doi.org/10.1016%2Fj.cpc.2020.107478},
	
	year = 2020,
	month = {nov},
	
	publisher = {Elsevier {BV}
	},
	
	volume = {256},
	
	pages = {107478},
	
	author = {Vladyslav Shtabovenko and Rolf Mertig and Frederik Orellana},
	
	title = {{FeynCalc} 9.3: New features and improvements},
	
	journal = {Computer Physics Communications}
}

@article{Feyngrav,
	author = "Latosh, Boris",
	title = "{FeynGrav : FeynCalc extension for gravity amplitudes}",
	eprint = "2201.06812",
	archivePrefix = "arXiv",
	primaryClass = "hep-th",
	month = "1",
	year = "2022"
}


@article{RychkovBound,
	author = "Rattazzi, Riccardo and Rychkov, Vyacheslav S. and Tonni, Erik and Vichi, Alessandro",
	title = "{Bounding scalar operator dimensions in 4D CFT}",
	eprint = "0807.0004",
	archivePrefix = "arXiv",
	primaryClass = "hep-th",
	doi = "10.1088/1126-6708/2008/12/031",
	journal = "JHEP",
	volume = "12",
	pages = "031",
	year = "2008"
}

@article{Poland,
	author = "Poland, David and Rychkov, Slava and Vichi, Alessandro",
	title = "{The Conformal Bootstrap: Theory, Numerical Techniques, and Applications}",
	eprint = "1805.04405",
	archivePrefix = "arXiv",
	primaryClass = "hep-th",
	doi = "10.1103/RevModPhys.91.015002",
	journal = "Rev. Mod. Phys.",
	volume = "91",
	pages = "015002",
	year = "2019"
}

@article{Polya,
	author = "Belavin, A. A. and Polyakov, Alexander M. and Zamolodchikov, A. B.",
	editor = "Khalatnikov, I. M. and Mineev, V. P.",
	title = "{Infinite Conformal Symmetry in Two-Dimensional Quantum Field Theory}",
	reportNumber = "CERN-TH-3827",
	doi = "10.1016/0550-3213(84)90052-X",
	journal = "Nucl. Phys. B",
	volume = "241",
	pages = "333--380",
	year = "1984"
}

@article{Localization,
	author = "Pestun, Vasily and Zabzine, Maxim",
	title = "{Introduction to localization in quantum field theory}",
	eprint = "1608.02953",
	archivePrefix = "arXiv",
	primaryClass = "hep-th",
	doi = "10.1088/1751-8121/aa5704",
	journal = "J. Phys. A",
	volume = "50",
	number = "44",
	pages = "443001",
	year = "2017"
}
